<?xml version="1.0" encoding="UTF-8"?><record xmlns="http://www.loc.gov/MARC21/slim" xmlns:cinclude="http://apache.org/cocoon/include/1.0" xmlns:zs="http://www.loc.gov/zing/srw/">
  <leader>00396nz  a2200133n  4500</leader>
  <controlfield tag="001">no 99058215 </controlfield>
  <controlfield tag="003">DLC</controlfield>
  <controlfield tag="005">19990821100428.0</controlfield>
  <controlfield tag="008">990813n| acannaab           |n aaa     c</controlfield>
  <datafield tag="010" ind1=" " ind2=" ">
    <subfield code="a">no 99058215 </subfield>
  </datafield>
  <datafield tag="035" ind1=" " ind2=" ">
    <subfield code="a">(OCoLC)oca05047464</subfield>
  </datafield>
  <datafield tag="040" ind1=" " ind2=" ">
    <subfield code="a">MoSU-L</subfield>
    <subfield code="b">eng</subfield>
    <subfield code="c">MoSU-L</subfield>
  </datafield>
  <datafield tag="100" ind1="1" ind2=" ">
    <subfield code="a">Higgins, Clarence B.</subfield>
  </datafield>
  <datafield tag="670" ind1=" " ind2=" ">
    <subfield code="a">Federal income taxation of corporate reorganizations, 1949?:</subfield>
    <subfield code="b">t.p. (Clarence B. Higgins, Jr.)</subfield>
  </datafield>
</record>